<marcxml:record xmlns:xlink="http://www.w3.org/1999/xlink" xmlns:marcxml="http://www.loc.gov/MARC21/slim" xmlns:mets="http://www.loc.gov/METS/" xmlns:mxe="http://www.loc.gov/mxe" xmlns:rdf="http://www.w3.org/1999/02/22-rdf-syntax-ns#" xmlns:rdfs="http://www.w3.org/2000/01/rdf-schema#" xmlns:skos="http://www.w3.org/2004/02/skos/core#" xmlns:madsrdf="http://www.loc.gov/mads/rdf/v1#" xmlns:ri="http://id.loc.gov/ontologies/RecordInfo#" xmlns:sem="http://marklogic.com/semantics">
  <marcxml:leader>01741cz  a2200229n  4500</marcxml:leader>
  <marcxml:controlfield tag="001">n2013008694</marcxml:controlfield>
  <marcxml:controlfield tag="003">DLC</marcxml:controlfield>
  <marcxml:controlfield tag="005">20130220075134.0</marcxml:controlfield>
  <marcxml:controlfield tag="008">130219n| azannaabn          |a ana      </marcxml:controlfield>
  <marcxml:datafield tag="010" ind1=" " ind2=" ">
    <marcxml:subfield code="a">n 2013008694</marcxml:subfield>
    <marcxml:subfield code="z">sh 98001707 </marcxml:subfield>
  </marcxml:datafield>
  <marcxml:datafield tag="040" ind1=" " ind2=" ">
    <marcxml:subfield code="a">DLC</marcxml:subfield>
    <marcxml:subfield code="b">eng</marcxml:subfield>
    <marcxml:subfield code="c">DLC</marcxml:subfield>
    <marcxml:subfield code="e">rda</marcxml:subfield>
  </marcxml:datafield>
  <marcxml:datafield tag="130" ind1=" " ind2="0">
    <marcxml:subfield code="a">Marcus Aurelius (Rome, Italy)</marcxml:subfield>
  </marcxml:datafield>
  <marcxml:datafield tag="430" ind1=" " ind2="0">
    <marcxml:subfield code="a">Marcus Aurelius Statue (Rome, Italy)</marcxml:subfield>
  </marcxml:datafield>
  <marcxml:datafield tag="430" ind1=" " ind2="0">
    <marcxml:subfield code="a">Equestrian monument to Marcus Aurelius (Rome, Italy)</marcxml:subfield>
  </marcxml:datafield>
  <marcxml:datafield tag="430" ind1=" " ind2="0">
    <marcxml:subfield code="a">Equestrian statue of Marcus Aurelius (Rome, Italy)</marcxml:subfield>
  </marcxml:datafield>
  <marcxml:datafield tag="430" ind1=" " ind2="0">
    <marcxml:subfield code="a">Marco Aurelio di Campidoglio</marcxml:subfield>
  </marcxml:datafield>
  <marcxml:datafield tag="430" ind1=" " ind2="0">
    <marcxml:subfield code="a">Statua equestre di Marco Aurelio (Rome, Italy)</marcxml:subfield>
  </marcxml:datafield>
  <marcxml:datafield tag="670" ind1=" " ind2=" ">
    <marcxml:subfield code="a">Work cat.: 98-105289: Il Marco Aurelio e la sua copia, c1997:</marcxml:subfield>
    <marcxml:subfield code="b">p. 17 (Equestrian Statue of Marcus Aurelius) p. 50, etc. (Statua equestre di Marco Aurelio, il Marco Aurelio di Campidoglio, Equestrian Monument to Marcus Aurelius)</marcxml:subfield>
  </marcxml:datafield>
  <marcxml:datafield tag="670" ind1=" " ind2=" ">
    <marcxml:subfield code="a">Grove Dictionary of art, 1996:</marcxml:subfield>
    <marcxml:subfield code="b">v. 27, p. 39 (famous gilded bronze statue of "Marcus Aurelius" (a.d. 161-180), now in the Museo dei Conservatori)</marcxml:subfield>
  </marcxml:datafield>
  <marcxml:datafield tag="670" ind1=" " ind2=" ">
    <marcxml:subfield code="a">Guide to artistic Italy, 1981:</marcxml:subfield>
    <marcxml:subfield code="b">p. 278 (Rome: Statue of Marcus Aurelius)</marcxml:subfield>
  </marcxml:datafield>
  <marcxml:datafield tag="670" ind1=" " ind2=" ">
    <marcxml:subfield code="a">Grove art online, viewed Feb. 19, 2013</marcxml:subfield>
    <marcxml:subfield code="b">under equestrian monument (Marcus Aurelius; bronze Classical sculpture; one of the few imperial bronze statues to survive the iconoclasm of pagan monuments because it was mistakenly thought to represent the Emperor Constantine I)</marcxml:subfield>
  </marcxml:datafield>
  <marcxml:datafield tag="670" ind1=" " ind2=" ">
    <marcxml:subfield code="a">Musei capitolini website, viewed Feb. 19, 2013</marcxml:subfield>
    <marcxml:subfield code="b">(Equestrian statue of Marcus Aurelius, bronze sculpture, 161-180 AD, 424 cm; probably erected either 176 or 180; moved to the Capitoline HIll in 1538 by order of Pope Paul II; now located in the Palazzo dei Conservatori of the mueum; a replica of the statue currently stands in its former place in the Piazza del Campidoglio)</marcxml:subfield>
  </marcxml:datafield>
</marcxml:record>
